@book{maclane,
    title={Categories for the Working Mathematician},
    author={Saunders Mac Lane},
    isbn={0387984038},
    series={Graduate Texts in Mathematics},
    year={1998},
    publisher={Springer},
    keywords = {mathematics}
}

@book{vakil,
    title={The Rising Sea},
    author={Ravi Vakil},
}

@book{munkres,
    title={Topology},
    author={James R. Munkres},
}

@book{massey,
    title={Algebraic Topology: An Introduction},
    author={William S. Massey},
}

@book{lenstra,
	title={Galois Theory for Schemes},
    author={Henrik W. Lenstra}
}

@book{szamuely,
	title={Galois Groups and Fundamental Groups},
    author={Tam\'as Szamuely}
}

@book{milne,
	title={\'Etale Cohomology},
    author={J.S. Milne}
}

@book{milne2,
	title={Lectures on \'Etale Cohomology},
    author={J.S. Milne}
}

@article{tsimerman,
	title={Introduction to \'Etale Cohomology},
    author={Jacob Tsimerman}
}

@book{grothendieck,
	title = {R\'ecoltes et Semailles},
	author = {Alexander Grothendieck}
}

@book{grothendieckega,
	title = {\'E\'ements de G\'eom\'etrie Alg\'ebrique},
    author = {Alexander Grothendieck}
}

@book{grothendiecksga,
	title = {S\'eminaire de G\'eom\'etrie Alg\'ebrique},
    author = {Alexander Grothendieck}
}

@book{hartshorne,
	title = {Algebraic Geometry},
    author = {Robin Hartshorne}
}

@book{dandf,
	title = {Abstract Algebra},
    author = {David Dummit and Richard Foote}
}

@book{borceaux,
	title = {Galois Theories},
    author = {Francis Borceaux and George Janelidze}
}